<record xmlns='http://www.loc.gov/MARC21/slim'><leader>01559cgm a2200373 a 4500</leader><controlfield tag='001'>2688612</controlfield><controlfield tag='005'>20141208235559.0</controlfield><controlfield tag='007'>vf|cbahou</controlfield><controlfield tag='008'>941107s1989    xx 118 e          vleng d</controlfield><datafield ind1=' ' ind2=' ' tag='035'><subfield code='a'>(NIC)notisANH0648</subfield></datafield><datafield ind1=' ' ind2=' ' tag='035'><subfield code='a'>(OCoLC)63882195</subfield></datafield><datafield ind1=' ' ind2=' ' tag='035'><subfield code='a'>2688612</subfield></datafield><datafield ind1=' ' ind2=' ' tag='040'><subfield code='a'>NIC</subfield><subfield code='c'>NIC</subfield><subfield code='d'>NIC</subfield></datafield><datafield ind1='0' ind2='4' tag='245'><subfield code='a'>The beginning of Africana studies</subfield><subfield code='h'>[videorecording] :</subfield><subfield code='b'>panel discussion /</subfield><subfield code='c'>[Cornell University, Africana Studies and Research Center].</subfield></datafield><datafield ind1=' ' ind2=' ' tag='260'><subfield code='c'>[1989]</subfield></datafield><datafield ind1=' ' ind2=' ' tag='300'><subfield code='a'>1 videocassette (118 min.) :</subfield><subfield code='b'>sd., col. ;</subfield><subfield code='c'>1/2 in.</subfield></datafield><datafield ind1=' ' ind2=' ' tag='538'><subfield code='a'>VHS.</subfield></datafield><datafield ind1=' ' ind2=' ' tag='500'><subfield code='a'>Title from videocassette label.</subfield></datafield><datafield ind1='0' ind2=' ' tag='511'><subfield code='a'>Panel: Michael Thelwell, Haki Madhubuti, Leonard Jeffries.</subfield></datafield><datafield ind1=' ' ind2=' ' tag='518'><subfield code='a'>Videotaped live at Cornell University in April 19, 1989.</subfield></datafield><datafield ind1=' ' ind2=' ' tag='500'><subfield code='a'>&quot;211&quot;</subfield></datafield><datafield ind1=' ' ind2=' ' tag='520'><subfield code='a'>Panelists talk about the beginning of Africana studies, its struggle, development, problems, and future.</subfield></datafield><datafield ind1=' ' ind2='0' tag='650'><subfield code='a'>African Americans</subfield><subfield code='x'>Study and teaching (Higher)</subfield><subfield code='x'>History</subfield><subfield code='x'>Congresses.</subfield></datafield><datafield ind1=' ' ind2='0' tag='650'><subfield code='a'>African Americans</subfield><subfield code='x'>Education</subfield><subfield code='x'>Congresses.</subfield></datafield><datafield ind1=' ' ind2='7' tag='650'><subfield code='a'>African Americans</subfield><subfield code='x'>Education</subfield><subfield code='2'>fast</subfield><subfield code='0'>(OCoLC)fst00799600</subfield></datafield><datafield ind1=' ' ind2='7' tag='650'><subfield code='a'>African Americans</subfield><subfield code='x'>Study and teaching (Higher)</subfield><subfield code='2'>fast</subfield><subfield code='0'>(OCoLC)fst00799710</subfield></datafield><datafield ind1=' ' ind2='7' tag='655'><subfield code='a'>Conference proceedings</subfield><subfield code='2'>fast</subfield><subfield code='0'>(OCoLC)fst01423772</subfield></datafield><datafield ind1=' ' ind2='7' tag='655'><subfield code='a'>History</subfield><subfield code='2'>fast</subfield><subfield code='0'>(OCoLC)fst01411628</subfield></datafield><datafield ind1='1' ind2=' ' tag='700'><subfield code='a'>Thelwell, Michael.</subfield></datafield><datafield ind1='1' ind2=' ' tag='700'><subfield code='a'>Madhubuti, Haki R.,</subfield><subfield code='d'>1942-</subfield></datafield><datafield ind1='1' ind2=' ' tag='700'><subfield code='a'>Jeffries, Leonard.</subfield></datafield><datafield ind1='2' ind2=' ' tag='710'><subfield code='a'>Cornell University.</subfield><subfield code='b'>Africana Studies and Research Center.</subfield></datafield><datafield ind1=' ' ind2=' ' tag='905'><subfield code='a'>19950707120000.0</subfield></datafield><datafield ind1='2' ind2=' ' tag='948'><subfield code='a'>20141208</subfield><subfield code='b'>m</subfield><subfield code='d'>batch</subfield><subfield code='e'>lts</subfield><subfield code='x'>addfast</subfield></datafield></record>